@book{vidref,
    author = "John L. Hennessy David A. Patterson",
    title = "Computer Organization and Design MIPS Edition",
    publisher = "Morgan Kaufmann",
    year = "2013"
}
@book{newtbook,
    author = "John L. Hennessy David A. Patterson",
    title = "Computer Organization and Design MIPS Edition",
    publisher = "Morgan Kaufmann",
    year = "2013"
}