@online{baeldung,
  author    = {Baeldung},
  title     = {Euler Circuits and Paths: Fleury's Algorithm},
  year      = {2022},
  url       = {https://www.baeldung.com/cs/euler-circuits-paths-fleury-algorithm},
  urldate   = {2024-03-08},
}
@online{geeksforgeeks,
  author    = {GeeksforGeeks},
  title     = {Fleury's Algorithm for Printing Eulerian Path},
  year      = {2022},
  url       = {https://www.geeksforgeeks.org/fleurys-algorithm-for-printing-eulerian-path/},
  urldate   = {2024-03-08},
}
@online{cite_seerx,
  title     = {Early Writings on Graph Theory: Euler Circuits and The K¨onigsberg Bridge Problem},
  author    = {Janet Heine Barnett},
  year      = {2015},
  url       = {https://citeseerx.ist.psu.edu/document?repid=rep1&type=pdf&doi=474106e09a8ea58833789c51b9d52a55f0388d3c},
  urldate   = {2024-03-08},
}
@book{cormen2009introduction,
  title={Introduction to Algorithms},
  author={Cormen, Thomas H. and Leiserson, Charles E. and Rivest, Ronald L. and Stein, Clifford},
  year={2009},
  publisher={MIT Press},
}
@online{teded,
  author       = {Dan Van der Vieren},
  title        = {How the Königsberg bridge problem changed mathematics},
  year         = {2016},
  url          = {https://youtu.be/nZwSo4vfw6c},
  note         = {Educational},
}
@online{numberphile,
  author       = {numberphile},
  title        = {Knight's Tour},
  year         = {2014},
  url          = {https://youtu.be/ab_dY3dZFHM?si=zsKDEvjnXfHKZzYw},
  note         = {Chess related contents},
}